#NER
@misc{wiki:Named-entity_recognition,
   author = "Wikipedia",
   title = "{Named-entity recognition} --- {W}ikipedia{,} The Free Encyclopedia",
   year = "2023",
   howpublished = {\url{http://en.wikipedia.org/w/index.php?title=Named-entity\%20recognition&oldid=1136823104}},
   note = "[Online; accessed 01-March-2023]"
}
 #Ukrainian language
 @misc{wiki:Ukrainian_language,
   author = "Wikipedia",
   title = "{Ukrainian language} --- {W}ikipedia{,} The Free Encyclopedia",
   year = "2023",
   howpublished = {\url{http://en.wikipedia.org/w/index.php?title=Ukrainian\%20language&oldid=1141828008}},
   note = "[Online; accessed 01-March-2023]"
 }
 #lowresource
 @misc{lowresource,
  title="Low Resource languages",
   url={Medium.com},
  journal={Medium.com},
  author={Laumann, Felix},
   year={2022},
  month={Jun}} 
@misc{crosslanguage,
  doi = {10.48550/ARXIV.2109.01628},
  
  url = {https://arxiv.org/abs/2109.01628},
  
  author = {Shi, Peng and Zhang, Rui and Bai, He and Lin, Jimmy},
  
  keywords = {Computation and Language (cs.CL), Information Retrieval (cs.IR), FOS: Computer and information sciences, FOS: Computer and information sciences},
  
  title = {Cross-Lingual Training with Dense Retrieval for Document Retrieval},
  
  publisher = {arXiv},
  
  year = {2021},
  
  copyright = {Creative Commons Attribution 4.0 International}
}
